@Article{DocumentationStyle,
	author    = {Ivan Marsic},
	title     = {Software Engineering},
	journal   = {Appendix G},
	year      = {2012},
	publisher = {Rutgers University},
}
@Article{UMLDoc,
  author    = {Kirill Fakhroutdinov},
  title     = {Android Camera},
  journal   = {UML graphical notation overview, examples, and reference},
  year      = {2015},
}

@Article{BartlettEtAll2008,
	author    = {Andrew C. Bartlett},
	author    = {Timothy P. Chartier},
	author    = {Timothy D. Rankin},
	author    = {Amy N. Langvilleâ€¡},
	title     = {An Integer Programming Model
	for the Sudoku Problem},
	journal   = {pdfs.semanticscholar.org},
	year      = {2008},
}

@Article{Felgenhauer2005,
	author    = {Bertram Felgenhauer},
	title     = {Enumerating possible Sudoku grids},
	journal   = {http://members.home.nl},
	year      = {2005},
}

@misc{BobCarpenter2013,
	author = {Bob Carpenter},
	title = {Java Sudoku solver with depth-first search and documentation},
	year = {2013},
	publisher = {GitHub},
	journal = {GitHub repository},
	howpublished = {\url{https://github.com/bob-carpenter/java-sudoku}},
	commit = {1e48f316c116bca37c4f5eee9fcef63221576e74}
}
